101 12114039939482593841706090912A094101CHASE BANK             NAMELY INC                     
5220COMPANY NAME                        3948259384PPDPAYROLLACH170609170612   1221140390000001
62222114039910987654321      0000020000123456789      EMPLOYEE TO BE PAID     0321140390000001
822000000100221140390000000000000000000200003948259384                         221140390000001
9000001000001000000010022114039000000000000000000020000                                       
9999999999999999999999999999999999999999999999999999999999999999999999999999999999999999999999
9999999999999999999999999999999999999999999999999999999999999999999999999999999999999999999999
9999999999999999999999999999999999999999999999999999999999999999999999999999999999999999999999
9999999999999999999999999999999999999999999999999999999999999999999999999999999999999999999999
9999999999999999999999999999999999999999999999999999999999999999999999999999999999999999999999
